
@misc{xodx_paper, 
 author = {Sebastian Tramp et al.},
 title = {An Architecture of a Distributed Semantic
Social Network},
 howpublished = {\url {http://www.semantic-web-journal.net/sites/default/files/swj201_4.pdf}},
 note = {Zuletzt gesehen: 03/2015}
}
@misc{datacube, 
 author = {Richard Cyganiak, DERI, NUI Galway},
 title = {The RDF Data Cube Vocabulary},
 howpublished = {\url {http://www.w3.org/TR/vocab-data-cube/}},
 note = {Zuletzt gesehen: 03/2015}
}
@misc{iso, 
 author = {various},
 title = {ISO 17369:2013},
 howpublished = {\url {http://www.iso.org/iso/catalogue_detail.htm?csnumber=52500}},
 note = {Zuletzt gesehen: 03/2015, volles Dokument zum Standard nur kostenpflichtig erh√§ltlich}
}
@misc{cubeviz, 
 author = {Konrad Abicht},
 title = {CubeViz - The RDF DATACUBE Browser im Github Wiki},
 howpublished = {\url {https://github.com/AKSW/cubeviz.ontowiki/wiki}},
 note = {Zuletzt gesehen: 03/2015}
}
